@article{PhysRevX.4.031006,
  title = {Fast Prediction and Evaluation of Gravitational Waveforms Using Surrogate Models},
  author = {Field, Scott E. and Galley, Chad R. and Hesthaven, Jan S. and others},
  journal = {Phys. Rev. X},
  volume = {4},
  issue = {3},
  pages = {031006},
  numpages = {21},
  year = {2014},
  month = {Jul},
  publisher = {American Physical Society},
  doi = {10.1103/PhysRevX.4.031006},
  url = {https://link.aps.org/doi/10.1103/PhysRevX.4.031006}
}

@ARTICLE{2011PhRvL.106v1102F,
   author = {{Field}, S.~E. and {Galley}, C.~R. and {Herrmann}, F. and others},
    title = "{Reduced Basis Catalogs for Gravitational Wave Templates}",
  journal = {\prl},
archivePrefix = "arXiv",
   eprint = {1101.3765},
 primaryClass = "gr-qc",
 keywords = {Gravitational wave detectors and experiments, Numerical studies of black holes and black-hole binaries},
     year = 2011,
    month = jun,
   volume = 106,
   number = 22,
      eid = {221102},
    pages = {221102},
      doi = {10.1103/PhysRevLett.106.221102},
   adsurl = {http://adsabs.harvard.edu/abs/2011PhRvL.106v1102F},
  adsnote = {Provided by the SAO/NASA Astrophysics Data System}
}

@article{Hoffmann1989,
author = {Hoffmann, Walter},
doi = {10.1007/BF02241222},
issn = {1436-5057},
journal = {Computing},
month = {dec},
number = {4},
pages = {335--348},
title = {{Iterative algorithms for Gram-Schmidt orthogonalization}},
url = {https://doi.org/10.1007/BF02241222},
volume = {41},
year = {1989}
}

@ARTICLE{2016PhRvD..94d4031S,
   author = {{Smith}, R. and {Field}, S.~E. and {Blackburn}, K. and others},
    title = "{Fast and accurate inference on gravitational waves from precessing compact binaries}",
  journal = {\prd},
archivePrefix = "arXiv",
   eprint = {1604.08253},
 primaryClass = "gr-qc",
     year = 2016,
    month = aug,
   volume = 94,
   number = 4,
      eid = {044031},
    pages = {044031},
      doi = {10.1103/PhysRevD.94.044031},
   adsurl = {http://adsabs.harvard.edu/abs/2016PhRvD..94d4031S},
  adsnote = {Provided by the SAO/NASA Astrophysics Data System}
}

@ARTICLE{2006MNRAS.372.1549E,
   author = {{Edwards}, R.~T. and {Hobbs}, G.~B. and {Manchester}, R.~N.},
    title = "{TEMPO2, a new pulsar timing package - II. The timing model and precision estimates}",
  journal = {\mnras},
   eprint = {astro-ph/0607664},
 keywords = {methods: data analysis, astrometry, celestial mechanics, time, pulsars: general},
     year = 2006,
    month = nov,
   volume = 372,
    pages = {1549-1574},
      doi = {10.1111/j.1365-2966.2006.10870.x},
   adsurl = {http://adsabs.harvard.edu/abs/2006MNRAS.372.1549E},
  adsnote = {Provided by the SAO/NASA Astrophysics Data System}
}

@ARTICLE{2006MNRAS.369..655H,
   author = {{Hobbs}, G.~B. and {Edwards}, R.~T. and {Manchester}, R.~N.},
    title = "{TEMPO2, a new pulsar-timing package - I. An overview}",
  journal = {\mnras},
   eprint = {astro-ph/0603381},
 keywords = {methods: data analysis: ephemerides: pulsars: general, methods: data analysis, ephemerides, pulsars: general},
     year = 2006,
    month = jun,
   volume = 369,
    pages = {655-672},
      doi = {10.1111/j.1365-2966.2006.10302.x},
   adsurl = {http://adsabs.harvard.edu/abs/2006MNRAS.369..655H},
  adsnote = {Provided by the SAO/NASA Astrophysics Data System}
}

@book{LyneSmith,
  author = {{Lyne}, A.~G. and {Graham-Smith}, F.},
  title = {Pulsar Astronomy},
  edition = 2,
  publisher = {Cambridge University Press},
  year = 1998,
  series = 31,
  isbn = {0521594138}
}

@misc{LALSuite,
  author = {{LIGO Scientific Collaboration}},
  howpublished = {\url{https://www.lsc-group.phys.uwm.edu/daswg/projects/lalsuite.html}},
  title = {{LALS}uite},
  year = 2017
}

@misc{greedycpp,
  author = {{Antil}, H. and {Chen}, D. and {Field}, S.},
  title = {A note on {QR}-based model reduction},
  note = {\url{https://bitbucket.org/sfield83/greedycpp}},
  year = {in preparation}
}

@incollection{300years,
  author = {{Thorne}, K.~S.},
  title = {Gravitational Radiation},
  booktitle = {Three hundred years of gravitation},
  chapter = 9,
  editor = {{Hawking}, S.~W. and {Israel}, W.},
  publisher = {Cambridge University Press},
  year = 1987,
  isbn = {0521343127}
}

@ARTICLE{2009LRR....12....2S,
   author = {{Sathyaprakash}, B.~S. and {Schutz}, B.~F.},
    title = "{Physics, Astrophysics and Cosmology with Gravitational Waves}",
  journal = {Living Rev. Relativ.},
archivePrefix = "arXiv",
   eprint = {0903.0338},
 primaryClass = "gr-qc",
 keywords = {Gravitational waves, Gravitational wave sources, Gravitational wave detectors, Data analysis},
     year = 2009,
    month = mar,
   volume = 12,
      eid = {2},
    pages = {2},
      doi = {10.12942/lrr-2009-2},
   adsurl = {http://ukads.nottingham.ac.uk/abs/2009LRR....12....2S},
  adsnote = {Provided by the SAO/NASA Astrophysics Data System}
}

@ARTICLE{1989ApJ...345..434T,
   author = {{Taylor}, J.~H. and {Weisberg}, J.~M.},
    title = "{Further experimental tests of relativistic gravity using the binary pulsar PSR 1913 + 16}",
  journal = {\apj},
 keywords = {Binary Stars, Computational Astrophysics, Gravitation Theory, Pulsars, Relativistic Effects, Data Acquisition, Kepler Laws, Radiation Effects, Stellar Mass, Stellar Orbits},
     year = 1989,
    month = oct,
   volume = 345,
    pages = {434-450},
      doi = {10.1086/167917},
   adsurl = {http://ukads.nottingham.ac.uk/abs/1989ApJ...345..434T},
  adsnote = {Provided by the SAO/NASA Astrophysics Data System}
}

@misc{Standish,
  author = {{Standish}, E.~M.},
  year = 1998,
  title = {\href{ftp://ssd.jpl.nasa.gov/pub/eph/planets/ioms/de405.iom.pdf}{JPL Planetary and Lunar Ephemerides, DE405/LE405}},
  howpublished = {NASA Jet Propulsion Laboratory, Pasadena},
  note = {{IOM} 312.{F}-98-048}
}

@ARTICLE{2005AJ....129.1993M,
   author = {{Manchester}, R.~N. and {Hobbs}, G.~B. and {Teoh}, A. and {Hobbs}, M.
	},
    title = "{The Australia Telescope National Facility Pulsar Catalogue}",
  journal = {\aj},
   eprint = {astro-ph/0412641},
 keywords = {Catalogs, Stars: Pulsars: General},
     year = 2005,
    month = apr,
   volume = 129,
    pages = {1993-2006},
      doi = {10.1086/428488},
   adsurl = {http://ukads.nottingham.ac.uk/abs/2005AJ....129.1993M},
  adsnote = {Provided by the SAO/NASA Astrophysics Data System},
     note = {\url{http://www.atnf.csiro.au/people/pulsar/psrcat/}}
}

@ARTICLE{1976ApJ...205..580B,
   author = {{Blandford}, R. and {Teukolsky}, S.~A.},
    title = "{Arrival-time analysis for a pulsar in a binary system.}",
  journal = {\apj},
     year = 1976,
    month = apr,
   volume = 205,
    pages = {580-591},
      doi = {10.1086/154315},
   adsurl = {http://ukads.nottingham.ac.uk/abs/1976ApJ...205..580B},
  adsnote = {Provided by the SAO/NASA Astrophysics Data System}
}

@Article{PER-GRA:2007,
  Author    = {P\'erez, Fernando and Granger, Brian E.},
  Title     = {{IP}ython: a System for Interactive Scientific Computing},
  Journal   = {Computing in Science and Engineering},
  Volume    = {9},
  Number    = {3},
  Pages     = {21--29},
  month     = may,
  year      = 2007,
  url       = "http://ipython.org",
  note      = {\url{http://ipython.org}},
  ISSN      = "1521-9615",
  doi       = {10.1109/MCSE.2007.53},
  publisher = {IEEE Computer Society},
}

@inproceedings{kluyver2016jupyter,
   title={Jupyter Notebooks---a publishing format for reproducible computational workflows},
   author={Kluyver, Thomas and Ragan-Kelley, Benjamin and P{\'e}rez, Fernando and Granger, Brian and Bussonnier, Matthias and Frederic, Jonathan and Kelley, Kyle and Hamrick, Jessica and Grout, Jason and Corlay, Sylvain and others},
   booktitle={Positioning and Power in Academic Publishing: Players, Agents and Agendas: Proceedings of the 20th International Conference on Electronic Publishing},
   pages={87},
   year={2016},
   organization={IOS Press},
   note = {\url{http://jupyter.org/}}
}

@Article{Hunter:2007,
  Author    = {Hunter, J. D.},
  Title     = {Matplotlib: A 2D graphics environment},
  Journal   = {Computing In Science \& Engineering},
  Volume    = {9},
  Number    = {3},
  Pages     = {90--95},
  abstract  = {Matplotlib is a 2D graphics package used for Python
  for application development, interactive scripting, and
  publication-quality image generation across user
  interfaces and operating systems.},
  publisher = {IEEE COMPUTER SOC},
  doi = {10.1109/MCSE.2007.55},
  year      = 2007
}

@misc{michael_droettboom_2017_248351,
  author       = {{Droettboom}, M. and
                  {Caswell}, T.~A. and
                  {Hunter}, J. and others},
  title        = {matplotlib/matplotlib: v2.0.0},
  month        = jan,
  year         = 2017,
  doi          = {10.5281/zenodo.248351},
  note          = {\href{https://doi.org/10.5281/zenodo.248351}{10.5281/zenodo.248351}}
}

@ARTICLE{behnel2010cython,
    author={Behnel, S. and Bradshaw, R. and Citro, C. and Dalcin, L. and Seljebotn, D.S. and Smith, K.},
    journal={Computing in Science \& Engineering},
    title={Cython: The Best of Both Worlds},
    year={2011},
    volume={13},
    number={2},
    pages={31 -39},
    keywords={Cython language;Fortran code;Python language extension;numerical loops;programming language;C language;numerical analysis;},
    doi={10.1109/MCSE.2010.118},
    ISSN={1521-9615},
    note = {\url{http://cython.org}}
}

@Misc{scipy,
  author =    {Eric Jones and Travis Oliphant and Pearu Peterson and others},
  title =     {{SciPy}: Open source scientific tools for {Python}},
  year =      {2001},
  note = {\url{http://www.scipy.org/}}
}

@ARTICLE{2013PhRvD..87h4057S,
   author = {{Shaltev}, M. and {Prix}, R.},
    title = "{Fully coherent follow-up of continuous gravitational-wave candidates}",
  journal = {\prd},
archivePrefix = "arXiv",
   eprint = {1303.2471},
 primaryClass = "gr-qc",
 keywords = {Gravitational waves: theory},
     year = 2013,
    month = apr,
   volume = 87,
   number = 8,
      eid = {084057},
    pages = {084057},
      doi = {10.1103/PhysRevD.87.084057},
   adsurl = {http://ukads.nottingham.ac.uk/abs/2013PhRvD..87h4057S},
  adsnote = {Provided by the SAO/NASA Astrophysics Data System}
}

@ARTICLE{2014PhRvD..89l4030S,
   author = {{Shaltev}, M. and {Leaci}, P. and {Papa}, M.~A. and {Prix}, R.
	},
    title = "{Fully coherent follow-up of continuous gravitational-wave candidates: An application to Einstein@Home results}",
  journal = {\prd},
archivePrefix = "arXiv",
   eprint = {1405.1922},
 primaryClass = "gr-qc",
 keywords = {Gravitational waves: theory},
     year = 2014,
    month = jun,
   volume = 89,
   number = 12,
      eid = {124030},
    pages = {124030},
      doi = {10.1103/PhysRevD.89.124030},
   adsurl = {http://ukads.nottingham.ac.uk/abs/2014PhRvD..89l4030S},
  adsnote = {Provided by the SAO/NASA Astrophysics Data System}
}

@techreport{ET,
  author = {{Abernathy}, M. and {Acernese}, F. and {Ajith}, P. and others},
   title = {Einstein gravitational wave Telescope Conceptual Design Study},
    year = {2011},
institution = {European Gravitatioanl Observatory},
  number = {ET-0106C-10},
    note = {\url{http://www.et-gw.eu/}}
}

@ARTICLE{2017CQGra..34d4001A,
   author = {{Abbott}, B.~P. and {Abbott}, R. and {Abbott}, T.~D. and others},
    title = "{Exploring the sensitivity of next generation gravitational wave detectors}",
  journal = {Classical Quantum Gravity},
archivePrefix = "arXiv",
   eprint = {1607.08697},
 primaryClass = "astro-ph.IM",
     year = 2017,
    month = feb,
   volume = 34,
   number = 4,
      eid = {044001},
    pages = {044001},
      doi = {10.1088/1361-6382/aa51f4},
   adsurl = {http://adsabs.harvard.edu/abs/2017CQGra..34d4001A},
  adsnote = {Provided by the SAO/NASA Astrophysics Data System}
}

@ARTICLE{2013GWN.....6....4A,
   author = {{Amaro-Seoane}, P. and {Aoudia}, S. and {Babak}, S. and {Bin{\'e}truy}, P. and 
	{Berti}, E. and {Boh{\'e}}, A. and {Caprini}, C. and {Colpi}, M. and 
	{Cornish}, N.~J. and {Danzmann}, K. and {Dufaux}, J.-F. and 
	{Gair}, J. and {Hinder}, I. and {Jennrich}, O. and {Jetzer}, P. and 
	{Klein}, A. and {Lang}, R.~N. and {Lobo}, A. and {Littenberg}, T. and 
	{McWilliams}, S.~T. and {Nelemans}, G. and {Petiteau}, A. and 
	{Porter}, E.~K. and {Schutz}, B.~F. and {Sesana}, A. and {Stebbins}, R. and 
	{Sumner}, T. and {Vallisneri}, M. and {Vitale}, S. and {Volonteri}, M. and 
	{Ward}, H. and {Wardell}, B.},
    title = "{eLISA: Astrophysics and cosmology in the millihertz regime}",
  journal = {GW Notes, Vol.~6, p.~4-110},
archivePrefix = "arXiv",
   eprint = {1201.3621},
 primaryClass = "astro-ph.CO",
 keywords = {Astrophysics - Cosmology and Extragalactic Astrophysics, Astrophysics - Galaxy Astrophysics, General Relativity and Quantum Cosmology, black holes, gravitational waves},
     year = 2013,
    month = may,
   volume = 6,
    pages = {4-110},
   adsurl = {http://adsabs.harvard.edu/abs/2013GWN.....6....4A},
  adsnote = {Provided by the SAO/NASA Astrophysics Data System}
}

@booklet{LISA,
  author = {{Danzmann}, K. and others},
   title = "{LISA, Laser Interferometer Space Antenna}",
    year = {2017}, 
howpublished = {\url{https://www.lisamission.org/proposal/LISA.pdf}}
}

@ARTICLE{2014MNRAS.437.3004L,
   author = {{Lentati}, L. and {Alexander}, P. and {Hobson}, M.~P. and others},
    title = "{TEMPONEST: a Bayesian approach to pulsar timing analysis}",
  journal = {\mnras},
archivePrefix = "arXiv",
   eprint = {1310.2120},
 primaryClass = "astro-ph.IM",
 keywords = {methods: data analysis, pulsars: general, pulsars: individual: B1937+21},
     year = 2014,
    month = jan,
   volume = 437,
    pages = {3004-3023},
      doi = {10.1093/mnras/stt2122},
   adsurl = {http://adsabs.harvard.edu/abs/2014MNRAS.437.3004L},
  adsnote = {Provided by the SAO/NASA Astrophysics Data System},
     note = {\url{https://github.com/LindleyLentati/TempoNest}}
}

@ARTICLE{2014MNRAS.440.1446V,
   author = {{Vigeland}, S.~J. and {Vallisneri}, M.},
    title = "{Bayesian inference for pulsar-timing models}",
  journal = {\mnras},
archivePrefix = "arXiv",
   eprint = {1310.2606},
 primaryClass = "astro-ph.IM",
 keywords = {gravitational waves},
     year = 2014,
    month = may,
   volume = 440,
    pages = {1446-1457},
      doi = {10.1093/mnras/stu312},
   adsurl = {http://adsabs.harvard.edu/abs/2014MNRAS.440.1446V},
  adsnote = {Provided by the SAO/NASA Astrophysics Data System},
     note = {\url{https://github.com/vallis/mc3pta/tree/master/bayesfit}}
}

@ARTICLE{1998PhRvD..57.2101B,
   author = {{Brady}, P.~R. and {Creighton}, T. and {Cutler}, C. and {Schutz}, B.~F.
	},
    title = "{Searching for periodic sources with LIGO}",
  journal = {\prd},
   eprint = {gr-qc/9702050},
 keywords = {Gravitational radiation detectors, mass spectrometers, and other instrumentation and techniques, Gravitational wave detectors and experiments, Mathematical procedures and computer techniques, Pulsars},
     year = 1998,
    month = feb,
   volume = 57,
    pages = {2101-2116},
      doi = {10.1103/PhysRevD.57.2101},
   adsurl = {http://ukads.nottingham.ac.uk/abs/1998PhRvD..57.2101B},
  adsnote = {Provided by the SAO/NASA Astrophysics Data System}
}

@ARTICLE{2000PhRvD..61h2001B,
   author = {{Brady}, P.~R. and {Creighton}, T.},
    title = "{Searching for periodic sources with LIGO. II. Hierarchical searches}",
  journal = {\prd},
   eprint = {gr-qc/9812014},
 keywords = {Gravitational wave detectors and experiments, Gravitational radiation detectors, mass spectrometers, and other instrumentation and techniques, Mathematical procedures and computer techniques, Pulsars},
     year = 2000,
    month = apr,
   volume = 61,
   number = 8,
      eid = {082001},
    pages = {082001},
      doi = {10.1103/PhysRevD.61.082001},
   adsurl = {http://adsabs.harvard.edu/abs/2000PhRvD..61h2001B},
  adsnote = {Provided by the SAO/NASA Astrophysics Data System}
}

@ARTICLE{1999gr.qc.....5018S,
   author = {{Schutz}, B.~F. and {Papa}, M.~A.},
    title = "{End-to-end algorithm for hierarchical area searches for long-duration GW sources for GEO 600}",
  journal = {arXiv:gr-qc/9905018},
   eprint = {gr-qc/9905018},
 keywords = {General Relativity and Quantum Cosmology},
     year = 1999,
    month = may,
   adsurl = {http://adsabs.harvard.edu/abs/1999gr.qc.....5018S},
  adsnote = {Provided by the SAO/NASA Astrophysics Data System}
}


@ARTICLE{2004PhRvD..70h2001K,
   author = {{Krishnan}, B. and {Sintes}, A.~M. and {Papa}, M.~A. and {Schutz}, B.~F. and 
	{Frasca}, S. and {Palomba}, C.},
    title = "{Hough transform search for continuous gravitational waves}",
  journal = {\prd},
   eprint = {gr-qc/0407001},
 keywords = {Gravitational wave detectors and experiments, Wave generation and sources, Data analysis: algorithms and implementation, data management, Gravitational radiation detectors, mass spectrometers, and other instrumentation and techniques},
     year = 2004,
    month = oct,
   volume = 70,
   number = 8,
      eid = {082001},
    pages = {082001},
      doi = {10.1103/PhysRevD.70.082001},
   adsurl = {http://adsabs.harvard.edu/abs/2004PhRvD..70h2001K},
  adsnote = {Provided by the SAO/NASA Astrophysics Data System}
}

@ARTICLE{2008PhRvD..77b2001A,
   author = {{Abbott}, B. and {Abbott}, R. and {Adhikari}, R. and others},
    title = "{All-sky search for periodic gravitational waves in LIGO S4 data}",
  journal = {\prd},
archivePrefix = "arXiv",
   eprint = {0708.3818},
 primaryClass = "gr-qc",
 keywords = {Gravitational wave detectors and experiments, Data analysis: algorithms and implementation, data management, Gravitational radiation detectors, mass spectrometers, and other instrumentation and techniques, Pulsars},
     year = 2008,
    month = jan,
   volume = 77,
   number = 2,
      eid = {022001},
    pages = {022001},
      doi = {10.1103/PhysRevD.77.022001},
   adsurl = {http://ukads.nottingham.ac.uk/abs/2008PhRvD..77b2001A},
  adsnote = {Provided by the SAO/NASA Astrophysics Data System}
}

@ARTICLE{2009PhRvD..79b2001A,
   author = {{Abbott}, B. and {Abbott}, R. and {Adhikari}, R. and others},
    title = "{Einstein@Home search for periodic gravitational waves in LIGO S4 data}",
  journal = {\prd},
archivePrefix = "arXiv",
   eprint = {0804.1747},
 primaryClass = "gr-qc",
 keywords = {Gravitational wave detectors and experiments, Data analysis: algorithms and implementation, data management, Gravitational radiation detectors, mass spectrometers, and other instrumentation and techniques, Pulsars},
     year = 2009,
    month = jan,
   volume = 79,
   number = 2,
      eid = {022001},
    pages = {022001},
      doi = {10.1103/PhysRevD.79.022001},
   adsurl = {http://ukads.nottingham.ac.uk/abs/2009PhRvD..79b2001A},
  adsnote = {Provided by the SAO/NASA Astrophysics Data System}
}

@ARTICLE{2004PhRvD..69h2004A,
   author = {{Abbott}, B. and {Abbott}, R. and {Adhikari}, R. and others},
    title = "{Setting upper limits on the strength of periodic gravitational waves from PSR J1939+2134 using the first science data from the GEO 600 and LIGO detectors}",
  journal = {\prd},
   eprint = {gr-qc/0308050},
 keywords = {Gravitational wave detectors and experiments, Data analysis: algorithms and implementation, data management, Gravitational radiation detectors, mass spectrometers, and other instrumentation and techniques, Pulsars},
     year = 2004,
    month = apr,
   volume = 69,
   number = 8,
      eid = {082004},
    pages = {082004},
      doi = {10.1103/PhysRevD.69.082004},
   adsurl = {http://adsabs.harvard.edu/abs/2004PhRvD..69h2004A},
  adsnote = {Provided by the SAO/NASA Astrophysics Data System}
}

@ARTICLE{2017ApJ...839...12A,
   author = {{Abbott}, B.~P. and {Abbott}, R. and {Abbott}, T.~D. and others},
    title = "{First Search for Gravitational Waves from Known Pulsars with Advanced LIGO}",
  journal = {\apj},
archivePrefix = "arXiv",
   eprint = {1701.07709},
 primaryClass = "astro-ph.HE",
 keywords = {gravitational waves, pulsars: general},
     year = 2017,
    month = apr,
   volume = 839,
      eid = {12},
    pages = {12},
      doi = {10.3847/1538-4357/aa677f},
   adsurl = {http://adsabs.harvard.edu/abs/2017ApJ...839...12A},
  adsnote = {Provided by the SAO/NASA Astrophysics Data System}
}

@ARTICLE{2014CQGra..31s5010P,
   author = {{P{\"u}rrer}, M.},
    title = "{Frequency-domain reduced order models for gravitational waves from aligned-spin compact binaries}",
  journal = {Classical and Quantum Gravity},
archivePrefix = "arXiv",
   eprint = {1402.4146},
 primaryClass = "gr-qc",
     year = 2014,
    month = oct,
   volume = 31,
   number = 19,
      eid = {195010},
    pages = {195010},
      doi = {10.1088/0264-9381/31/19/195010},
   adsurl = {http://adsabs.harvard.edu/abs/2014CQGra..31s5010P},
  adsnote = {Provided by the SAO/NASA Astrophysics Data System}
}

@article{Wett2014:LTmPlcChASrGrvP,
  author = {Wette, Karl},
  title = {{Lattice template placement for coherent all-sky searches for gravitational-wave pulsars}},
  journal = {\prd},
  year = {2014},
  volume = {90},
  pages = {122010},
  month = {Dec},
  doi = {10.1103/PhysRevD.90.122010},
  archiveprefix = {arXiv},
  primaryclass = {gr-qc},
  eprint = {1410.6882},
  issue = {12},
  numpages = {16},
  publisher = {American Physical Society},
}

@article{Plet2010:PrmMSmSrCnGrvW,
  author = {Pletsch, H.~J.},
  title = {{Parameter-space metric of semicoherent searches for continuous gravitational waves}},
  journal = {\prd},
  year = {2010},
  volume = {82},
  number = {4},
  pages = {042002},
  eid = {042002},
  doi = {10.1103/PhysRevD.82.042002},
  archiveprefix = {arXiv},
  primaryclass = {gr-qc},
  eprint = {1005.0395},
  adsurl = {http://adsabs.harvard.edu/abs/2010PhRvD..82d2002P},
  adsnote = {Provided by the SAO/NASA Astrophysics Data System},
}

@article{Wett2015:PrmMASmSrGrvPl,
  author = {Wette, Karl},
  title = {{Parameter-space metric for all-sky semicoherent searches for gravitational-wave pulsars}},
  journal = {\prd},
  year = 2015,
  volume = 92,
  number = 8,
  pages = 082003,
  month = {October},
  eid = 082003,
  doi = {10.1103/PhysRevD.92.082003},
  archiveprefix = {arXiv},
  primaryclass = {gr-qc},
  eprint = {1508.02372},
  issn = {1550-2368},
  publisher = {American Physical Society (APS)},
}

@article{AstoEtAl2002:DAnlGrvSgSpNtSIVAS:IV,
  author = {Astone, P. and Borkowski, K.~M. and Jaranowski, P. and Kr\'olak, A.},
  title = {{Data analysis of gravitational-wave signals from spinning neutron stars. IV. An all-sky search}},
  journal = {\prd},
  year = {2002},
  volume = {65},
  number = {4},
  pages = {042003},
  doi = {10.1103/PhysRevD.65.042003},
  archiveprefix = {arXiv},
  eprint = {gr-qc/0012108},
  adsurl = {http://adsabs.harvard.edu/abs/2002PhRvD..65d2003A},
  adsnote = {Provided by the SAO/NASA Astrophysics Data System},
}

@article{LIGOVirg2017:AlSrPrdGrvWvOLD,
  author = {{Abbott}, B. P. and {Abbott}, R. and {Abbott}, T.~D. and others},
  title = {All-sky search for periodic gravitational waves in the O1 LIGO data},
  journal = {\prd},
  year = {2017},
  volume = {96},
  pages = {062002},
  month = {Sep},
  collaboration = {{LIGO Scientific Collaboration} and {Virgo Collaboration}},
  doi = {10.1103/PhysRevD.96.062002},
  url = {https://link.aps.org/doi/10.1103/PhysRevD.96.062002},
  issue = {6},
  numpages = {35},
  publisher = {American Physical Society},
}

@TechReport{PrixFstatTiming,
  author =       {Reinhard Prix},
  title =        {Characterizing timing and memory-requirements of the F-statistic implementations in LALSuite},
  institution =  {LIGO},
  year =         2017,
  number =       {LIGO-T1600531}
}

@article{Owen1996:STmGrvWInsBnCTmS,
  author = {Owen, B.~J.},
  title = {{Search templates for gravitational waves from inspiraling binaries: Choice of template spacing}},
  journal = {Physical Review D},
  year = {1996},
  volume = {53},
  pages = {6749},
  doi = {10.1103/PhysRevD.53.6749},
  archiveprefix = {arXiv},
  eprint = {gr-qc/9511032},
  adsurl = {http://adsabs.harvard.edu/abs/1996PhRvD..53.6749O},
  adsnote = {Provided by the SAO/NASA Astrophysics Data System},
}

@article{Prix2007:SrCnGrvWMMltFs,
  author = {Prix, R.},
  title = {{Search for continuous gravitational waves: Metric of the multidetector F-statistic}},
  journal = {Physical Review D},
  year = {2007},
  volume = {75},
  number = {2},
  pages = {023004},
  doi = {10.1103/PhysRevD.75.023004},
  archiveprefix = {arXiv},
  eprint = {gr-qc/0606088},
  adsurl = {http://adsabs.harvard.edu/abs/2007PhRvD..75b3004P},
  adsnote = {Provided by the SAO/NASA Astrophysics Data System},
}

@article{WettPrix2013:FPrmMtASrGrvPl,
  author = {Wette, K. and Prix, R.},
  title = {{Flat parameter-space metric for all-sky searches for gravitational-wave pulsars}},
  journal = {Physical Review D},
  year = {2013},
  volume = {88},
  number = {12},
  pages = {123005},
  month = {December},
  eid = {123005},
  doi = {10.1103/PhysRevD.88.123005},
  archiveprefix = {arXiv},
  primaryclass = {gr-qc},
  eprint = {1310.5587},
  adsurl = {http://adsabs.harvard.edu/abs/2013PhRvD..88l3005W},
  adsnote = {Provided by the SAO/NASA Astrophysics Data System},
}

@article{JaraEtAl1998:DAnGrvSgSpNSSDtc,
  author = {Jaranowski, P. and Kr\'olak, A. and Schutz, B.~F.},
  title = {{Data analysis of gravitational-wave signals from spinning neutron stars: The signal and its detection}},
  journal = {Physical Review D},
  year = {1998},
  volume = {58},
  number = {6},
  pages = {063001},
  doi = {10.1103/PhysRevD.58.063001},
  archiveprefix = {arXiv},
  eprint = {gr-qc/9804014},
  adsurl = {http://adsabs.harvard.edu/abs/1998PhRvD..58f3001J},
  adsnote = {Provided by the SAO/NASA Astrophysics Data System},
}

@inproceedings{WillSchu2000:EfMFlAlDCntGrvWS,
  author = {{Williams}, P.~R. and {Schutz}, B.~F.},
    title = "{An efficient matched filtering algorithm for the detection of continuous gravitational wave signals}",
 keywords = {Gravitational radiation detectors, mass spectrometers, and other instrumentation and techniques, Gravitational wave detectors and experiments, Data analysis: algorithms and implementation, data management, Mathematical procedures and computer techniques},
booktitle = {AIP Conference Series},
     year = 2000,
   volume = 523,
   eprint = {gr-qc/9912029},
   editor = {{Meshkov}, S.},
    month = jun,
    pages = {473-476},
      doi = {10.1063/1.1291918},
   adsurl = {http://adsabs.harvard.edu/abs/2000AIPC..523..473W},
  adsnote = {Provided by the SAO/NASA Astrophysics Data System}
}

@Article{AshtonPrix2017,
  author =       {Greg Ashton and Reinhard Prix},
  title =        {Hierarchical multi-stage MCMC follow-up method for continuous gravitational wave candidates},
  journal =      {in preparation},
  year =         2017
}
